@misc{DroneFlightTime,
Title = {Drone Flight Time},
Organization = {Omino},
URL = {https://www.omnicalculator.com/other/drone-flight-time#drone-flight-time-formula}
}

@misc{HurricaneMariaWiki,
Title = {Hurricane Maria},
Organization = {Wikipedia},
URL = {https://en.wikipedia.org/wiki/Puerto_Rico}
}

@ARTICLE{Packing,
AUTHOR      = {ZHANG De-Fu, WEI Li-Jun, CHEN Qing-Shan, CHEN Huo-Wang},
TITLE       = {A Combinational Heuristic Algorithm for the Three-Dimensional Packing Problem},
JOURNAL     = {Journal of Software},
YEAR        = {2007},
Volume      = {18},
Pages       = {2083-2089}
}

@book{BezierCurve,
AUTHOR = {Donald D. Hearn; M. Pauline Baker; Warren Carithers},
TITLE = {Computer Graphics with OpenGL Fourth Edition},
PUBLISHER = {Pearson Education Limited},
YEAR = {2014}
}

@misc{FieldOfView,
Title = {Field of view},
Organization = {Wikipedia},
URL = {https://en.wikipedia.org/wiki/Field_of_view}
}

@misc{scribblemaps,
Title = {Maps of Container Locations and Hospitals},
Organization = {Scibblemaps},
URL = {https://www.scribblemaps.com/}
}

@misc{SimulatedAnnealing,
Title = {Simulated annealing},
Organization = {Wikipedia},
URL = {https://en.wikipedia.org/wiki/Simulated_annealing}
}

@misc{MetropolisHastingsAlgorithm,
Title = {Metropolis-Hastings algorithm},
Organization = {Wikipedia},
URL = {https://en.wikipedia.org/wiki/Metropolis-Hastings_algorithm}
}

@book{ProbabilityTextbook,
Title = {First Course in Probability},
Author = {Sheldon Ross},
Publisher = {Person Education Limited},
Year = {2014}
}

@misc{LogisticFunction,
Title = {Logistic function},
Organization = {Wikipedia},
URL = {https://en.wikipedia.org/wiki/Logistic_function}
}

@conference{IEEEConference,
AUTHOR       = {Lei Zhong ; Keno Garlichs ; Shigeki Yamada ; Kiyoshi Takano ; Yusheng Ji},
TITLE        = {Mission planning for UAV-based opportunistic disaster recovery networks},
BOOKTITLE    = {2018 15th IEEE Annual Consumer Communications & Networking Conference (CCNC)},
YEAR         = {2018},
Pages        = {}
}